<?xml version="1.0" encoding="UTF-8"?><collection xmlns="http://www.loc.gov/MARC21/slim"><record><leader>00416nam--2200133-i-4500</leader><controlfield tag="001">000015785</controlfield><controlfield tag="002">20161230</controlfield><controlfield tag="005">20161230201031</controlfield><controlfield tag="008">060222s1000------------r-----000-0-eng-d</controlfield><datafield ind1=" " ind2=" " tag="080"><subfield code="a">061.62(44):001.891:539.125.5</subfield></datafield><datafield ind1=" " ind2=" " tag="245"><subfield code="a">Compte rendu d`activite du service de physique neutronique et nucleaire pour l`annee 1985</subfield></datafield><datafield ind1=" " ind2=" " tag="260"><subfield code="a">Gif-sur-yvette, Centre De`Etudes Nucleaires, 1986. 133 P</subfield></datafield><datafield ind1=" " ind2=" " tag="490"><subfield code="a">2500</subfield></datafield><datafield ind1=" " ind2=" " tag="852"><subfield code="a">73708</subfield></datafield></record></collection>